<record><leader>00000cas a2200000 a 4500</leader><controlfield tag="001">10841887</controlfield><controlfield tag="008">840614d18361883vtuwr ne      0   a0eng c</controlfield><datafield ind1=" " ind2=" " tag="010"><subfield code="a">sn 84023200 </subfield></datafield><datafield ind1=" " ind2=" " tag="040"><subfield code="a">AQM</subfield><subfield code="b">eng</subfield><subfield code="c">AQM</subfield><subfield code="d">NPX</subfield><subfield code="d">NPU</subfield><subfield code="d">NPX</subfield><subfield code="d">DLC</subfield><subfield code="d">NSD</subfield><subfield code="d">NVH</subfield><subfield code="d">NYS</subfield><subfield code="d">CNW</subfield><subfield code="d">NVN</subfield><subfield code="d">OCL</subfield><subfield code="d">NVN</subfield><subfield code="d">DLC</subfield><subfield code="d">KRTAS</subfield><subfield code="d">OCLCQ</subfield><subfield code="d">CUI</subfield><subfield code="d">NVN</subfield><subfield code="d">DLC</subfield><subfield code="d">OCLCA</subfield><subfield code="d">OCLCF</subfield></datafield><datafield ind1="1" ind2=" " tag="022"><subfield code="a">1052-7419</subfield><subfield code="l">1052-7419</subfield><subfield code="2">1</subfield></datafield><datafield ind1="1" ind2=" " tag="029"><subfield code="a">AU@</subfield><subfield code="b">000020129381</subfield></datafield><datafield ind1=" " ind2=" " tag="042"><subfield code="a">pcc</subfield><subfield code="a">nsdp</subfield></datafield><datafield ind1=" " ind2=" " tag="043"><subfield code="a">n-us-vt</subfield></datafield><datafield ind1="0" ind2="0" tag="050"><subfield code="a">Newspaper</subfield></datafield><datafield ind1=" " ind2="4" tag="050"><subfield code="a">AN</subfield></datafield><datafield ind1=" " ind2="0" tag="222"><subfield code="a">Vermont watchman &amp; State journal</subfield></datafield><datafield ind1="0" ind2="0" tag="245"><subfield code="a">Vermont watchman and State journal.</subfield></datafield><datafield ind1="3" ind2=" " tag="246"><subfield code="a">Vermont watchman &amp; State journal</subfield></datafield><datafield ind1="1" ind2="3" tag="246"><subfield code="a">Watchman &amp; State journal</subfield></datafield><datafield ind1="1" ind2="3" tag="246"><subfield code="a">Watchman &amp; journal</subfield></datafield><datafield ind1=" " ind2=" " tag="260"><subfield code="a">Montpelier, Vt. :</subfield><subfield code="b">E.P. Walton &amp; Son,</subfield><subfield code="c">1836-1883.</subfield></datafield><datafield ind1=" " ind2=" " tag="300"><subfield code="a">v.</subfield></datafield><datafield ind1=" " ind2=" " tag="310"><subfield code="a">Weekly</subfield></datafield><datafield ind1="0" ind2=" " tag="362"><subfield code="a">Vol. 30, no. 10 (Dec. 6, 1836)-v. 78, no. 35 (June 6, 1883) = Whole no. 1571-whole no. 3999.</subfield></datafield><datafield ind1=" " ind2=" " tag="500"><subfield code="a">Published as: Vermont watchman &amp; State journal, 1839-&lt;1876&gt;.</subfield></datafield><datafield ind1=" " ind2=" " tag="530"><subfield code="a">Also available on microfilm from the Library of Congress, Photoduplication Service.</subfield></datafield><datafield ind1=" " ind2=" " tag="530"><subfield code="a">Archived issues are available in digital format as part of the Library of Congress Chronicling America online collection.</subfield></datafield><datafield ind1=" " ind2=" " tag="580"><subfield code="a">Formed by the union of: State journal (Montpelier, Vt. : Oct. 1831), and: Vermont watchman and State gazette.</subfield></datafield><datafield ind1=" " ind2="0" tag="651"><subfield code="a">Montpelier (Vt.)</subfield><subfield code="v">Newspapers.</subfield></datafield><datafield ind1=" " ind2="0" tag="651"><subfield code="a">Washington County (Vt.)</subfield><subfield code="v">Newspapers.</subfield></datafield><datafield ind1=" " ind2="0" tag="651"><subfield code="a">Vermont</subfield><subfield code="v">Newspapers.</subfield></datafield><datafield ind1=" " ind2="7" tag="655"><subfield code="a">Newspapers.</subfield><subfield code="2">fast</subfield><subfield code="0">(OCoLC)fst01423814</subfield></datafield><datafield ind1=" " ind2="7" tag="651"><subfield code="a">Vermont.</subfield><subfield code="2">fast</subfield><subfield code="0">(OCoLC)fst01204305</subfield></datafield><datafield ind1=" " ind2="7" tag="651"><subfield code="a">Vermont</subfield><subfield code="z">Montpelier.</subfield><subfield code="2">fast</subfield><subfield code="0">(OCoLC)fst01208013</subfield></datafield><datafield ind1=" " ind2="7" tag="651"><subfield code="a">Vermont</subfield><subfield code="z">Washington County.</subfield><subfield code="2">fast</subfield><subfield code="0">(OCoLC)fst01221123</subfield></datafield><datafield ind1=" " ind2=" " tag="752"><subfield code="a">United States</subfield><subfield code="b">Vermont</subfield><subfield code="c">Washington</subfield><subfield code="d">Montpelier.</subfield></datafield><datafield ind1="0" ind2=" " tag="775"><subfield code="t">Walton's journal</subfield><subfield code="w">(DLC)sn 85025293</subfield><subfield code="w">(OCoLC)11663144</subfield></datafield><datafield ind1="0" ind2=" " tag="775"><subfield code="t">Daily journal (Montpelier, Vt.)</subfield><subfield code="w">(DLC)sn 85025294</subfield><subfield code="w">(OCoLC)11663030</subfield></datafield><datafield ind1="0" ind2=" " tag="775"><subfield code="t">Walton's daily journal (Montpelier, Vt. : Legislative)</subfield><subfield code="w">(DLC)sn 84023201</subfield></datafield><datafield ind1="0" ind2=" " tag="775"><subfield code="t">Walton's daily legislative journal</subfield><subfield code="w">(DLC)sn 84023202</subfield><subfield code="w">(OCoLC)10842080</subfield></datafield><datafield ind1="0" ind2=" " tag="775"><subfield code="t">Walton's daily journal (Montpelier, Vt. : 1861)</subfield><subfield code="w">(DLC)sn 84023203</subfield><subfield code="w">(OCoLC)10842034</subfield></datafield><datafield ind1="0" ind2=" " tag="775"><subfield code="t">Walton's morning journal</subfield><subfield code="w">(DLC)sn 84023204</subfield><subfield code="w">(OCoLC)2610951</subfield></datafield><datafield ind1="0" ind2=" " tag="775"><subfield code="t">Walton's evening journal</subfield><subfield code="w">(DLC)sn 84023205</subfield><subfield code="w">(OCoLC)10842161</subfield></datafield><datafield ind1="0" ind2=" " tag="775"><subfield code="t">Montpelier daily journal (Montpelier, Vt. : 1868)</subfield><subfield code="w">(DLC)sn 84023206</subfield><subfield code="w">(OCoLC)10815295</subfield></datafield><datafield ind1="0" ind2=" " tag="775"><subfield code="t">Watchman and State journal</subfield><subfield code="w">(DLC)sn 84023207</subfield><subfield code="w">(OCoLC)10815834</subfield></datafield><datafield ind1="0" ind2="8" tag="776"><subfield code="i">Online version:</subfield><subfield code="t">Vermont watchman and State journal (Online)</subfield><subfield code="w">(OCoLC)688491314</subfield></datafield><datafield ind1="1" ind2="4" tag="780"><subfield code="t">Vermont watchman and State gazette</subfield><subfield code="w">(DLC)sn 84023198</subfield><subfield code="w">(OCoLC)10815766</subfield></datafield><datafield ind1="1" ind2="4" tag="780"><subfield code="t">State journal (Montpelier, Vt. : Oct. 1831)</subfield><subfield code="w">(DLC)sn 84023199</subfield><subfield code="w">(OCoLC)10841333</subfield></datafield><datafield ind1="0" ind2="0" tag="785"><subfield code="t">Vermont watchman (Montpelier, Vt. : 1883)</subfield><subfield code="x">2328-3637</subfield><subfield code="w">(DLC)sn 86071719</subfield><subfield code="w">(OCoLC)13907422</subfield></datafield><datafield ind1="4" ind2="1" tag="856"><subfield code="u">http://chroniclingamerica.loc.gov/lccn/sn84023200/issues/</subfield></datafield><datafield ind1=" " ind2=" " tag="938"><subfield code="a">Kirtas Technologies, Inc.</subfield><subfield code="b">KRTS</subfield><subfield code="n">738503</subfield></datafield></record>